<record><leader>00000cas a22000007a 4500</leader><controlfield tag="001">11265210</controlfield><controlfield tag="008">841015d18571865inuwr ne      0    0eng d</controlfield><datafield ind1=" " ind2=" " tag="010"><subfield code="a">sn 84038238 </subfield></datafield><datafield ind1=" " ind2=" " tag="040"><subfield code="a">NPX</subfield><subfield code="b">eng</subfield><subfield code="c">NPX</subfield><subfield code="d">NPI</subfield><subfield code="d">OCLCQ</subfield><subfield code="d">SHH</subfield><subfield code="d">OCLCF</subfield></datafield><datafield ind1=" " ind2=" " tag="019"><subfield code="a">903704467</subfield></datafield><datafield ind1=" " ind2=" " tag="042"><subfield code="a">msc</subfield></datafield><datafield ind1="0" ind2="4" tag="245"><subfield code="a">The Weekly Vincennes western sun.</subfield></datafield><datafield ind1=" " ind2=" " tag="260"><subfield code="a">Vincennes, Ind. :</subfield><subfield code="b">George E. Greene,</subfield><subfield code="c">1857-1865.</subfield></datafield><datafield ind1=" " ind2=" " tag="310"><subfield code="a">Weekly</subfield></datafield><datafield ind1="0" ind2=" " tag="362"><subfield code="a">New ser., v. 2, no. 16 (Dec. 5, 1857)-v. 9, no. 52 (July 22, 1865) = Old ser., v. 45-v. 51.</subfield></datafield><datafield ind1=" " ind2=" " tag="580"><subfield code="a">Also published in a semiweekly ed. called: The Semi-weekly western sun.</subfield></datafield><datafield ind1=" " ind2="0" tag="651"><subfield code="a">Indiana</subfield><subfield code="v">Newspapers.</subfield></datafield><datafield ind1=" " ind2="7" tag="655"><subfield code="a">Newspapers.</subfield><subfield code="2">fast</subfield><subfield code="0">(OCoLC)fst01423814</subfield></datafield><datafield ind1=" " ind2="7" tag="651"><subfield code="a">Indiana.</subfield><subfield code="2">fast</subfield><subfield code="0">(OCoLC)fst01204604</subfield></datafield><datafield ind1=" " ind2=" " tag="752"><subfield code="a">United States</subfield><subfield code="b">Indiana</subfield><subfield code="c">Knox</subfield><subfield code="d">Vincennes.</subfield></datafield><datafield ind1="1" ind2=" " tag="775"><subfield code="t">Semi-weekly western sun</subfield><subfield code="w">(DLC)sn 86059158</subfield></datafield><datafield ind1="0" ind2="0" tag="780"><subfield code="t">Vincennes weekly western sun (Vincennes, Ind. : 1856)</subfield><subfield code="w">(DLC)sn 86059152</subfield></datafield><datafield ind1="0" ind2="0" tag="785"><subfield code="t">Vincennes weekly western sun (Vincennes, Ind. : 1865)</subfield><subfield code="w">(DLC)sn 84038239</subfield></datafield></record>